@article{wu2012camera,
  title={Camera: a competitive gene set test accounting for inter-gene correlation},
  author={Wu, Di and Smyth, Gordon K},
  journal={Nucleic acids research},
  volume={40},
  number={17},
  pages={e133--e133},
  year={2012},
  publisher={Oxford Univ Press}
}

@article{subramanian2005gene,
	title={Gene set enrichment analysis: a knowledge-based approach for interpreting genome-wide expression profiles},
	author={Subramanian, Aravind and Tamayo, Pablo and Mootha, Vamsi K and Mukherjee, Sayan and Ebert, Benjamin L and Gillette, Michael A and Paulovich, Amanda and Pomeroy, Scott L and Golub, Todd R and Lander, Eric S and others},
	journal={Proceedings of the National Academy of Sciences of the United States of America},
	volume={102},
	number={43},
	pages={15545--15550},
	year={2005},
	publisher={National Acad Sciences}
}


@article{efron2007correlation,
	title={Correlation and large-scale simultaneous significance testing},
	author={Efron, Bradley},
	journal={Journal of the American Statistical Association},
	volume={102},
	number={477},
	year={2007}
}

@incollection{smyth2005limma,
	title={Limma: linear models for microarray data},
	author={Smyth, Gordon K},
	booktitle={Bioinformatics and computational biology solutions using R and Bioconductor},
	pages={397--420},
	year={2005},
	publisher={Springer}
}

@article{Smyth2004moderated,
	title={Linear models and empirical Bayes methods for assessing differential expression in microarray experiments},
	author={Smyth, Gordon K},
	journal={Stat. Appl. Genet. Mol. Biol.},
	volume={3, Article3},
	number={},
	year={2004}
}

