@article{wu2012camera,
  title={Camera: a competitive gene set test accounting for inter-gene correlation},
  author={Wu, Di and Smyth, Gordon K},
  journal={Nucleic Acids Res.},
  volume={40},
  number={17},
  pages={e133--e133},
  year={2012},
  publisher={Oxford Univ Press}
}

@article{subramanian2005gene,
	title={Gene set enrichment analysis: a knowledge-based approach for interpreting genome-wide expression profiles},
	author={Subramanian, Aravind and Tamayo, Pablo and Mootha, Vamsi K and Mukherjee, Sayan and Ebert, Benjamin L and Gillette, Michael A and Paulovich, Amanda and Pomeroy, Scott L and Golub, Todd R and Lander, Eric S and others},
	journal={Proc. Natl. Acad. Sci. U.S.A},
	volume={102},
	number={43},
	pages={15545--15550},
	year={2005},
	publisher={National Acad Sciences}
}


@article{efron2007correlation,
	title={Correlation and large-scale simultaneous significance testing},
	author={Efron, Bradley},
	journal={J. Am. Stat. Assoc.},
	volume={102},
	number={477},
	year={2007}
}

@incollection{smyth2005limma,
	title={Limma: linear models for microarray data},
	author={Smyth, Gordon K},
	booktitle={Bioinformatics and Computational Biology Solutions Using R and Bioconductor},
	pages={397--420},
	year={2005},
	publisher={Springer}
}

@article{Smyth2004moderated,
	title={Linear models and empirical {Bayes} methods for assessing differential expression in microarray experiments},
	author={Smyth, Gordon K},
	journal={Stat. Appl. Genet. Mol. Biol.},
	volume={3, Article3},
	number={},
	year={2004}
}


@article{goeman2007analyzing,
	title={Analyzing gene expression data in terms of gene sets: methodological issues},
	author={Goeman, Jelle J and B{\"u}hlmann, Peter},
	journal={Bioinformatics},
	volume={23},
	number={8},
	pages={980--987},
	year={2007},
	publisher={Oxford Univ Press}
}


@article{huang2013gene,
	title={Gene set analysis using variance component tests},
	author={Huang, Yen-Tsung and Lin, Xihong},
	journal={BMC Bioinformatics},
	volume={14},
	number={1},
	pages={210},
	year={2013},
	publisher={BioMed Central Ltd}
}



@article{huang2009bioinformatics,
	title={Bioinformatics enrichment tools: paths toward the comprehensive functional analysis of large gene lists},
	author={Huang, Da Wei and Sherman, Brad T and Lempicki, Richard A},
	journal={Nucleic Acids Res.},
	volume={37},
	number={1},
	pages={1--13},
	year={2009},
	publisher={Oxford Univ Press}
}


@article{tian2005discovering,
	title={Discovering statistically significant pathways in expression profiling studies},
	author={Tian, Lu and Greenberg, Steven A and Kong, Sek Won and Altschuler, Josiah and Kohane, Isaac S and Park, Peter J},
	journal={Proc. Natl. Acad. Sci. U.S.A},
	volume={102},
	number={38},
	pages={13544--13549},
	year={2005},
	publisher={National Acad Sciences}
}


@article{efron2007testing,
	title={On testing the significance of sets of genes},
	author={Efron, Bradley and Tibshirani, Robert},
	journal={Ann. Appl. Statist.},
	pages={107--129},
	year={2007},
	publisher={JSTOR}
}


@article{barry2008statistical,
	title={A statistical framework for testing functional categories in microarray data},
	author={Barry, William T and Nobel, Andrew B and Wright, Fred A},
	journal={Ann. Appl. Statist.},
	pages={286--315},
	year={2008},
	publisher={JSTOR}
}


@article{kim2005page,
	title={{PAGE}: parametric analysis of gene set enrichment},
	author={Kim, Seon-Young and Volsky, David J},
	journal={BMC Bioinformatics},
	volume={6},
	number={1},
	pages={144},
	year={2005},
	publisher={BioMed Central Ltd}
}


@article{huang2009bioinformatics,
	title={Bioinformatics enrichment tools: paths toward the comprehensive functional analysis of large gene lists},
	author={Huang, Da Wei and Sherman, Brad T and Lempicki, Richard A},
	journal={Nucleic Acids Res.},
	volume={37},
	number={1},
	pages={1--13},
	year={2009},
	publisher={Oxford Univ Press}
}

@article{khatri2012ten,
	title={Ten years of pathway analysis: current approaches and outstanding challenges},
	author={Khatri, Purvesh and Sirota, Marina and Butte, Atul J},
	journal={PLoS. Comput. Biol.},
	volume={8},
	number={2},
	pages={e1002375},
	year={2012}
}

@article{klebanov2007multivariate,
	title={A multivariate extension of the gene set enrichment analysis},
	author={Klebanov, Lev and Glazko, Galina and Salzman, Peter and Yakovlev, Andrei and Xiao, Yuanhui},
	journal={J. Bioinform. Comput. Biol.},
	volume={5},
	number={05},
	pages={1139--1153},
	year={2007},
	publisher={World Scientific}
}

@article{wu2010roast,
	title={{ROAST: rotation} gene set tests for complex microarray experiments},
	author={Wu, Di and Lim, Elgene and Vaillant, Fran{\c{c}}ois and Asselin-Labat, Marie-Liesse and Visvader, Jane E and Smyth, Gordon K},
	journal={Bioinformatics},
	volume={26},
	number={17},
	pages={2176--2182},
	year={2010},
	publisher={Oxford Univ Press}
}

@article{goeman2005testing,
	title={Testing association of a pathway with survival using gene expression data},
	author={Goeman, Jelle J and Oosting, Jan and Cleton-Jansen, Anne-Marie and Anninga, Jakob K and Van Houwelingen, Hans C},
	journal={Bioinformatics},
	volume={21},
	number={9},
	pages={1950--1957},
	year={2005},
	publisher={Oxford Univ Press}
}

@article{gatti2010heading,
	title={Heading down the wrong pathway: on the influence of correlation within gene sets},
	author={Gatti, Daniel M and Barry, William T and Nobel, Andrew B and Rusyn, Ivan and Wright, Fred A},
	journal={BMC Genomics},
	volume={11},
	number={1},
	pages={574},
	year={2010},
	publisher={BioMed Central Ltd}
}

@article{yaari2013quantitative,
	title={Quantitative set analysis for gene expression: a method to quantify gene set differential expression including gene-gene correlations},
	author={Yaari, Gur and Bolen, Christopher R and Thakar, Juilee and Kleinstein, Steven H},
	journal={Nucleic Acids Res.},
	pages={gkt660},
	year={2013},
	publisher={Oxford Univ Press}
}


@article{zhou2013empirical,
	title={Empirical pathway analysis, without permutation},
	author={Zhou, Yi-Hui and Barry, William T and Wright, Fred A},
	journal={Biostatistics},
	pages={kxt004},
	year={2013},
	publisher={Biometrika Trust}
}


@article{michaud2008integrative,
	title={Integrative analysis of {RUNX1} downstream pathways and target genes},
	author={Michaud, Jo{\"e}lle and Simpson, Ken M and Escher, Robert and Buchet-Poyau, Karine and Beissbarth, Tim and Carmichael, Catherine and Ritchie, Matthew E and Sch{\"u}tz, Fr{\'e}d{\'e}ric and Cannon, Ping and Liu, Marjorie and others},
	journal={BMC Genomics},
	volume={9},
	number={1},
	pages={363},
	year={2008},
	publisher={BioMed Central Ltd}
}

@article{tsai2009multivariate,
	title={Multivariate analysis of variance test for gene set analysis},
	author={Tsai, Chen-An and Chen, James J},
	journal={Bioinformatics},
	volume={25},
	number={7},
	pages={897--903},
	year={2009},
	publisher={Oxford Univ Press}
}

@article{goeman2004global,
	title={A global test for groups of genes: testing association with a clinical outcome},
	author={Goeman, Jelle J and Van De Geer, Sara A and De Kort, Floor and Van Houwelingen, Hans C},
	journal={Bioinformatics},
	volume={20},
	number={1},
	pages={93--99},
	year={2004},
	publisher={Oxford Univ Press}
}

@article{gentleman2004bioconductor,
	title={Bioconductor: open software development for computational biology and bioinformatics},
	author={Gentleman, Robert C and Carey, Vincent J and Bates, Douglas M and Bolstad, Ben and Dettling, Marcel and Dudoit, Sandrine and Ellis, Byron and Gautier, Laurent and Ge, Yongchao and Gentry, Jeff and others},
	journal={Genome Biol.},
	volume={5},
	number={10},
	pages={R80},
	year={2004},
	publisher={BioMed Central Ltd}
}



@article{labadorf2015rna,
	title={{RNA sequence }analysis of human Huntington disease brain reveals an extensive increase in inflammatory and developmental gene expression},
	author={Labadorf, Adam and Hoss, Andrew G and Lagomarsino, Valentina and Latourelle, Jeanne C and Hadzi, Tiffany C and Bregu, Joli and MacDonald, Marcy E and Gusella, James F and Chen, Jiang-Fan and Akbarian, Schahram and others},
	journal={PloS One},
	volume={10},
	number={12},
	pages={e0143563},
	year={2015},
	publisher={Public Library of Science}
}

@article{marcora2010huntington,
	title={The {Huntington's disease mutation impairs Huntingtin's role in the transport of NF-$\kappa$B }from the synapse to the nucleus},
	author={Marcora, Edoardo and Kennedy, Mary B},
	journal={Hum. Mol. Genet.},
	volume={19},
	number={22},
	pages={4373--4384},
	year={2010},
	publisher={Oxford Univ Press}
}

@article{diamanti2013whole,
	title={Whole gene expression profile in blood reveals multiple pathways deregulation in {R6/2} mouse model},
	author={Diamanti, Daniela and Mori, Elisa and Incarnato, Danny and Malusa, Federico and Fondelli, Costanza and Magnoni, Letizia and Pollio, Giuseppe},
	journal={Biomark. Res.},
	volume={1},
	number={1},
	pages={1},
	year={2013},
	publisher={BioMed Central}
}


@article{alexa2010topgo,
	title={{topGO}: enrichment analysis for gene ontology},
	author={Alexa, Adrian and Rahnenfuhrer, Jorg},
	journal={R Package Version},
	volume={2},
	number={0},
	year={2010}
}

@article{katsuno2010disrupted,
	title={Disrupted transforming growth factor-$\beta$ signaling in spinal and bulbar muscular atrophy},
	author={Katsuno, Masahisa and Adachi, Hiroaki and Minamiyama, Makoto and Waza, Masahiro and Doi, Hideki and Kondo, Naohide and Mizoguchi, Hiroyuki and Nitta, Atsumi and Yamada, Kiyofumi and Banno, Haruhiko and others},
	journal={J. Neurosci.},
	volume={30},
	number={16},
	pages={5702--5712},
	year={2010},
	publisher={Soc Neuroscience}
}

@article{trager2014htt,
	title={{HTT-lowering reverses Huntingtonâ€™s disease immune dysfunction caused by NF$\kappa$B pathway dysregulation}},
	author={Tr{\"a}ger, Ulrike and Andre, Ralph and Lahiri, Nayana and Magnusson-Lind, Anna and Weiss, Andreas and Grueninger, Stephan and McKinnon, Chris and Sirinathsinghji, Eva and Kahlon, Shira and Pfister, Edith L and others},
	journal={Brain},
	volume={137},
	number={3},
	pages={819--833},
	year={2014},
	publisher={Oxford Univ Press}
}



@article{humbert2002igf,
	title={The {IGF-1/Akt pathway is neuroprotective in Huntington's disease and involves Huntingtin phosphorylation by Akt}},
	author={Humbert, Sandrine and Bryson, Elzbieta A and Cordeli{\`e}res, Fabrice P and Connors, Nathan C and Datta, Sandeep R and Finkbeiner, Steven and Greenberg, Michael E and Saudou, Fr{\'e}d{\'e}ric},
	journal={Dev. Cell},
	volume={2},
	number={6},
	pages={831--837},
	year={2002},
	publisher={Elsevier}
}


@article{chiang2010modulation,
	title={Modulation of energy deficiency in {Huntington's disease via activation of the peroxisome proliferator-activated receptor gamma}},
	author={Chiang, Ming-Chang and Chen, Chiung-Mei and Lee, Maw-Rong and Chen, Hsiao-Wen and Chen, Hui-Mei and Wu, Yu-Shuo and Hung, Cheng-Han and Kang, Jheng-Jie and Chang, Ching-Pang and Chang, Chen and others},
	journal={Hum. Mol. Genet.},
	pages={ddq322},
	year={2010},
	publisher={Oxford Univ Press}
}


@article{kandasamy2011transforming,
	title={Transforming growth factor-beta signaling in the neural stem cell niche: a therapeutic target for {Huntington's disease}},
	author={Kandasamy, Mahesh and Reilmann, Ralf and Winkler, J{\"u}rgen and Bogdahn, Ulrich and Aigner, Ludwig},
	journal={Neurol. Res. Int.},
	volume={2011},
	year={2011},
	publisher={Hindawi Publishing Corporation}
}


@article{ghose2011regulation,
	title={Regulation of {miR-146a by RelA/NFkB and p53 in ST Hdh Q111/Hdh Q111 Cells, a Cell Model of Huntington's Disease}},
	author={Ghose, Jayeeta and Sinha, Mithun and Das, Eashita and Jana, Nihar R and Bhattacharyya, Nitai P},
	journal={PLoS One},
	volume={6},
	number={8},
	pages={e23837},
	year={2011},
	publisher={Public Library of Science}
}

@article{kanehisa2000kegg,
	title={KEGG: kyoto encyclopedia of genes and genomes},
	author={Kanehisa, Minoru and Goto, Susumu},
	journal={Nucleic Acids Res.},
	volume={28},
	number={1},
	pages={27--30},
	year={2000},
	publisher={Oxford Univ Press}
}

@article{ashburner2000gene,
	title={Gene Ontology: tool for the unification of biology},
	author={Ashburner, Michael and Ball, Catherine A and Blake, Judith A and Botstein, David and Butler, Heather and Cherry, J Michael and Davis, Allan P and Dolinski, Kara and Dwight, Selina S and Eppig, Janan T and others},
	journal={â€ŽNat. Genet.},
	volume={25},
	number={1},
	pages={25--29},
	year={2000},
	publisher={Nature Publishing Group}
}

@article{benjamini2001control,
	title={The control of the false discovery rate in multiple testing under dependency},
	author={Benjamini, Yoav and Yekutieli, Daniel},
	journal={Ann. Stat.},
	pages={1165--1188},
	year={2001},
	publisher={JSTOR}
}

@article{benjamini1995controlling,
	title={Controlling the false discovery rate: a practical and powerful approach to multiple testing},
	author={Benjamini, Yoav and Hochberg, Yosef},
	journal={J Roy. Stat. Soc. B Met.},
	pages={289--300},
	year={1995},
	publisher={JSTOR}
}


@article{tarca2013comparison,
	title={A comparison of gene set analysis methods in terms of sensitivity, prioritization and specificity},
	author={Tarca, Adi L and Bhatti, Gaurav and Romero, Roberto},
	journal={PloS one},
	volume={8},
	number={11},
	pages={e79217},
	year={2013},
	publisher={Public Library of Science}
}